<?xml version="1.0" encoding="UTF-8"?><collection xmlns="http://www.loc.gov/MARC21/slim"><record><leader>00382nam--2200133-i-4500</leader><controlfield tag="001">000045066</controlfield><controlfield tag="002">20161230</controlfield><controlfield tag="005">20161230201044</controlfield><controlfield tag="008">060222s1000------------r-----000-0-eng-d</controlfield><datafield ind1=" " ind2=" " tag="080"><subfield code="a">62-52</subfield></datafield><datafield ind1=" " ind2=" " tag="100"><subfield code="a">Tomovic, Rajko</subfield></datafield><datafield ind1=" " ind2=" " tag="245"><subfield code="a">Introduction to nonlinear automatic control systems. transl.by paul pignon</subfield></datafield><datafield ind1=" " ind2=" " tag="260"><subfield code="a">London, John Wiley And Sons, Ltd., 1966, Viii+172p</subfield></datafield><datafield ind1=" " ind2=" " tag="852"><subfield code="a">24700</subfield></datafield></record></collection>